@comment{x-kbibtex-personnameformatting=<%l><, %f>}

%MEUS PADRÕES DE REFERENCIAS
%
%Artigos => Ultimo_Nome_Primeiro_Autor:Ano(aa)
%Conferencias(Sem Proceedings)=> Ultimo_Nome_Primeiro_Autor:Conferenc_Ano(aa)
%Inproceedings => Ultimo_Nome_Primeiro_Autor:Conferenc_Ano(aa)
%Teses e Disserta\c{c}ões => Ultimo_Nome_Autor:Universidade_Ano(aa)
%Books => Ultimo_Nome_Primeiro_Autor:Ano(aa)
%OBS: Mesmo autor  e ano => Ultimo_Nome_Primeiro_Autor_a:Ano(aa)
%

@book{fluent_python:2015,
	author = "Ramalho, Luciano",
	publisher = "O'Reilly Media, Inc.",
	title = "{Fluent Python}",
	isbn = "978-1-491-94600-8",
	year = "2015"
}

@book{machine_learning:1997,
    author = "Mitchell, Tom M. Mitchell",
	publisher = "Book News, Inc.",
	title = "{Machine Learning}",
	isbn = "0070428077",
	year = "1997"
}

@phdthesis{joao_nobre:2011,
	address = "\url{http://www.bd.bibl.ita.br/tde_busca/arquivo.php?codArquivo=1936}",
	author = "Nobre, João Carlos Silva",
	month = 9,
	school = " Instituto Tecnológico de Aeronáutica",
	title = "{Modelo computacional para valoração e avaliação de redações baseado em lógica Fuzzy}",
	year = 2011
}

@article{JMLR:demsar13a,
  author  = {Janez Dem{\v{s}}ar and Toma{\v{z}} Curk and Ale{\v{s}} Erjavec and {\v{C}}rt Gorup and
             Toma{\v{z}} Ho{\v{c}}evar and Mitar Milutinovi{\v{c}} and Martin Mo{\v{z}}ina and Matija Polajnar and Marko Toplak and An{\v{z}}e Stari{\v{c}} and Miha {\v{S}}tajdohar and Lan Umek and
             Lan {\v{Z}}agar and Jure {\v{Z}}bontar and Marinka {\v{Z}}itnik and Bla{\v{z}} Zupan},
  title   = {Orange: Data Mining Toolbox in Python},
  journal = {Journal of Machine Learning Research},
  year    = {2013},
  volume  = {14},
  pages   = {2349-2353},
  url     = {http://jmlr.org/papers/v14/demsar13a.html}
}



@misc{uol_banco_redacoes:2017,
	author = "UOL",
	title = "{Banco de redações}",
	url = "\url{https://educacao.uol.com.br/bancoderedacoes/}",
	year = "2017",
	note = "{Online; acessado 01 Junho 2017}" 
}

@misc{relatorio_de_gestao:2016,
	author = "CEBRASPE, CESPE UNB",
	title = "{Relatório de Gestão CEBRASPE}",
	url = "\url{http://www.cespe.unb.br/cebraspe/arquivos/Relatorio_de_Gestao_2016.pdf}",
	year = "2016",
	pages = {1--20},
	note = "{Online; acessado 07 Abril 2017}"
}

@misc{paq_a:2016,
	author = "CEBRASPE",
	title = "{CENTRO BRASILEIRO DE PESQUISA EM AVALIAÇÃO E SELEÇÃO E DE PROMOÇÃO DE EVENTOS (CEBRASPE) 
    PROGRAMA DE ATUALIZAÇÃO, QUALIFICAÇÃO E SELEÇÃO DE AVALIADORES DAS REDAÇÕES DO ENEM 2016 }",
	url = "\url{http://www.cespe.unb.br/colaboradores/ENEM_16_AVALIADOR_REDACAO/arquivos/ENEM_REDA____ES_2016___AVALIADOR___REGULAMENTO.PDF}",
	year = "2016",
	note = "{Online; acessado 07 Abril 2017}"
}

@misc{sisu:2017,
	author = "SISU, Sistema de seleção unificada",
	title = "{O que é o Sisu}",
	url = "\url{http://sisu.mec.gov.br/}",
	year = "2017",
	note = "{Online; acessado 07 Abril 2017}" 
}

@misc{csf:2017,
	author = "CsF, Ciência sem Fronteiras",
	title = "{Estudante de Graduação}",
	url = "\url{http://www.cienciasemfronteiras.gov.br/web/csf/estudante}",
	year = "2017",
	note = "{Online; acessado 07 Abril 2017}"
}

@misc{waymo:2017,
	author = "waymo",
	title = "{We’re building a safer driver for everyone}",
	url = "\url{https://waymo.com/}",
	year = "2017",
	note = "{Online; acessado 07 Abril 2017}"
}

@inproceedings{batista1999aplicando,
  title={Aplicando Sele{\c{c}}{\~a}o Unilateral em Conjuntos de Exemplos Desbalanceados: Resultados Iniciais},
  author={Batista, GEAPA and CARVALHO, ACPLF and Monard, Maria C and Brasil, Silicon Graphics},
  booktitle={XIX CONGRESSO NACIONAL DA SOCIEDADE BRASILEIRA DE COMPUTA{\c{C}}{\~A}O “EDUCA{\c{C}}{\~A}O E APRENDIZAGEM NA SOCIEDADE DA INFORMA{\c{C}}{\~A}O},
  volume={20},
  pages={327--340},
  year={1999}
}

@incollection{lara:1995,
	author = "Glaucia Muniz Proença Lara",
	booktitle = "Leitura: Teoria e Prática",
	title = "{A redação como tema de pesquisa}",
	publisher = "1994",
	year = "1994",
	number = "24",
	pages = "62--82",
	volume = "13",
}

@report{edital_enem:2016,
  Title = {EDITAL No 10, DE 14 DE ABRIL DE 2016},
  Author = {INEP},
  Date = {2016-04-14},
  Institution = {Instituto Nacional de Estudos e Pesquisas Educacionais Anísio Teixeira},
  Type = {Edital anual do exame nacional do ensino médio},
  Year = {2016},
  Version = {2016-04-14},
  url = "\url{http://download.inep.gov.br/educacao_basica/enem/edital/2016/edital_enem_2016.pdf}",
  note = "{Online; acessado 05 Junho 2017}"
}

@article{silvio_taynan:2017,
	journal = {Caminhos em linguística aplicada},
	author = {Sílvio Ribeiro da Silva and Taynan Lima Carvalho},
	number = {1},
	pages = {1--25},
	publisher = {1o sem 2017},
	title = {Produção de texto escrito no ensino médio: Competências requeridas pela avaliação de redação do enem em (des)uso no livro didático de português},
	volume = {16},
	year = {2017},
	url = {http://periodicos.unitau.br/ojs-2.2/index.php/caminhoslinguistica}
}

@mastersthesis{alexandra_alves:2010,
	author = {Alexandra Isabel Magalhães Alves},
	month = {11},
	school = {Instituto Superior de Engenharia do Porto},
	title = {Modelo de representação de texto mais adequado à classificação},
	year = {2010},
	note = {Online; acessado 06 Junho 2017}
}

@mastersthesis{porthos_motta:2016,
	author = {Motta, Porthos Ribeiro de Albuquerque},
	month = {11},
	school = {Universidade Federal de Goiás Instituto de Informática},
	title = {Estudo Exploratório do Uso de Classificadores para a Predição de Desempenho e Abandono em Universidades},
	year = {2016},
	note = {Online; acessado 06 Junho 2017}
}

@article{monard_baranauskas:2003,
  title={Conceitos sobre aprendizado de m{\'a}quina},
  author={Monard, Maria Carolina and Baranauskas, Jos{\'e} Augusto},
  journal={Sistemas Inteligentes-Fundamentos e Aplica{\c{c}}{\~o}es},
  volume={1},
  number={1},
  year={2003}
}

@book{han2011data,
  title={Data mining: concepts and techniques},
  author={Han, Jiawei and Pei, Jian and Kamber, Micheline},
  year={2011},
  publisher={Elsevier}
}